<record><leader>00000cas a22000007a 4500</leader><controlfield tag="001">9421144</controlfield><controlfield tag="008">830418c19799999tnudr ne      0   a0eng d</controlfield><controlfield tag="009">467</controlfield><datafield ind1=" " ind2=" " tag="010"><subfield code="a">sn 83007471 </subfield></datafield><datafield ind1=" " ind2=" " tag="040"><subfield code="a">NSD</subfield><subfield code="b">eng</subfield><subfield code="c">NSD</subfield><subfield code="d">TGN</subfield><subfield code="d">OCLCQ</subfield><subfield code="d">OCLCF</subfield><subfield code="d">OCLCO</subfield></datafield><datafield ind1=" " ind2=" " tag="012"><subfield code="m">1</subfield></datafield><datafield ind1="1" ind2=" " tag="022"><subfield code="a">0745-7367</subfield><subfield code="l">0745-7367</subfield><subfield code="2">1</subfield></datafield><datafield ind1="1" ind2=" " tag="029"><subfield code="a">AU@</subfield><subfield code="b">000020263986</subfield></datafield><datafield ind1=" " ind2=" " tag="032"><subfield code="a">116020</subfield><subfield code="b">USPS</subfield></datafield><datafield ind1=" " ind2=" " tag="037"><subfield code="b">The Leaf-Chronicle Co., 200 Commerce St., Clarksville, TN 37040</subfield></datafield><datafield ind1=" " ind2=" " tag="042"><subfield code="a">nsdp</subfield><subfield code="a">msc</subfield></datafield><datafield ind1=" " ind2=" " tag="043"><subfield code="a">n-us-tn</subfield></datafield><datafield ind1=" " ind2="4" tag="222"><subfield code="a">The leaf-chronicle</subfield></datafield><datafield ind1="0" ind2="4" tag="245"><subfield code="a">The leaf-chronicle.</subfield></datafield><datafield ind1="1" ind2=" " tag="246"><subfield code="i">Issues for &lt;Dec. 9, 1979; June 3, Aug. 9, 1984; Jan. 27, 1985&gt; have title:</subfield><subfield code="a">Clarksville leaf-chronicle</subfield></datafield><datafield ind1=" " ind2=" " tag="260"><subfield code="a">Clarksville, Tenn. :</subfield><subfield code="b">Leaf-Chronicle Co.,</subfield><subfield code="c">1979-</subfield></datafield><datafield ind1=" " ind2=" " tag="310"><subfield code="a">Daily,</subfield><subfield code="b">Apr. 3, 1982-</subfield></datafield><datafield ind1=" " ind2=" " tag="321"><subfield code="a">Daily (except Sat.),</subfield><subfield code="b">Nov. 4, 1979-Apr. 2, 1982</subfield></datafield><datafield ind1=" " ind2=" " tag="500"><subfield code="a">Publishers: Leaf-Chronicle Co. (Multimedia), 1979-1995; Leaf-Chronicle Co. (Gannett), 1995-</subfield></datafield><datafield ind1=" " ind2="0" tag="651"><subfield code="a">Clarksville (Tenn.)</subfield><subfield code="v">Newspapers.</subfield></datafield><datafield ind1=" " ind2="0" tag="651"><subfield code="a">Montgomery County (Tenn.)</subfield><subfield code="v">Newspapers.</subfield></datafield><datafield ind1=" " ind2="7" tag="655"><subfield code="a">Newspapers.</subfield><subfield code="2">fast</subfield><subfield code="0">(OCoLC)fst01423814</subfield></datafield><datafield ind1=" " ind2="7" tag="651"><subfield code="a">Tennessee</subfield><subfield code="z">Clarksville.</subfield><subfield code="2">fast</subfield><subfield code="0">(OCoLC)fst01216907</subfield></datafield><datafield ind1=" " ind2="7" tag="651"><subfield code="a">Tennessee</subfield><subfield code="z">Montgomery County.</subfield><subfield code="2">fast</subfield><subfield code="0">(OCoLC)fst01209636</subfield></datafield><datafield ind1=" " ind2=" " tag="752"><subfield code="a">United States</subfield><subfield code="b">Tennessee</subfield><subfield code="c">Montgomery</subfield><subfield code="d">Clarksville.</subfield></datafield><datafield ind1="0" ind2="0" tag="780"><subfield code="t">Clarksville leaf=chronicle (Clarksville, Tenn. : Daily)</subfield><subfield code="w">(DLC)sn 85038546</subfield></datafield></record>